<?xml version="1.0" encoding="UTF-8"?>
<marc:collection xmlns:marc="http://www.loc.gov/MARC21/slim" xmlns:xsi="http://www.w3.org/2001/XMLSchema-instance" xsi:schemaLocation="http://www.loc.gov/MARC21/slim http://www.loc.gov/standards/marcxml/schema/MARC21slim.xsd">
   <marc:record type="Bibliographic">
      <marc:leader>00998cam a2200253 a 4500</marc:leader>
      <marc:controlfield tag="001">941295</marc:controlfield>
      <marc:controlfield tag="003">NjP</marc:controlfield>
      <marc:controlfield tag="005">20130515164629.0</marc:controlfield>
      <marc:controlfield tag="008">941221s1934    ua            00 |0 ara d</marc:controlfield>
      <marc:datafield tag="024" ind1="7" ind2=" ">
         <marc:subfield code="a">princeton_aco000368</marc:subfield>
         <marc:subfield code="2">local</marc:subfield>
      </marc:datafield>
      <marc:datafield tag="035" ind1=" " ind2=" ">
         <marc:subfield code="a">(OCoLC)31859089</marc:subfield>
      </marc:datafield>
      <marc:datafield tag="035" ind1=" " ind2=" ">
         <marc:subfield code="a">(CStRLIN)NJPG94-B77290</marc:subfield>
      </marc:datafield>
      <marc:datafield tag="035" ind1=" " ind2=" ">
         <marc:subfield code="9">CBP0948TS</marc:subfield>
      </marc:datafield>
      <marc:datafield tag="040" ind1=" " ind2=" ">
         <marc:subfield code="a">NjP</marc:subfield>
         <marc:subfield code="c">NjP</marc:subfield>
      </marc:datafield>
      <marc:datafield tag="100" ind1="1" ind2=" ">
         <marc:subfield code="a">Ṣaʻ⁻id⁻i, ʻAbd al-Mutaʻ⁻al,</marc:subfield>
         <marc:subfield code="d">1894-</marc:subfield>
      </marc:datafield>
      <marc:datafield tag="245" ind1="1" ind2="0">
         <marc:subfield code="a">Zaʻ⁻amat al-shiʻr al-j⁻ahil⁻i bayna Umruʼ al-Qays wa-ʻAd⁻i ibn Zayd /</marc:subfield>
         <marc:subfield code="c">taʼl⁻if ʻAbd al-Mutʻ⁻al al-Ṣaʻ⁻id⁻i.</marc:subfield>
      </marc:datafield>
      <marc:datafield tag="250" ind1=" " ind2=" ">
         <marc:subfield code="a">al-Ṭabʻah 1.</marc:subfield>
      </marc:datafield>
      <marc:datafield tag="260" ind1=" " ind2=" ">
         <marc:subfield code="a">[Cairo] :</marc:subfield>
         <marc:subfield code="b">al-Maṭbaʻah al-Maḥm⁻ud⁻iyah al-T⁻ij⁻ar⁻iyah,</marc:subfield>
         <marc:subfield code="c">1934.</marc:subfield>
      </marc:datafield>
      <marc:datafield tag="300" ind1=" " ind2=" ">
         <marc:subfield code="a">136 p. ;</marc:subfield>
         <marc:subfield code="c">24 cm.</marc:subfield>
      </marc:datafield>
      <marc:datafield tag="650" ind1=" " ind2="0">
         <marc:subfield code="a">Arabic poetry</marc:subfield>
         <marc:subfield code="y">to 622.</marc:subfield>
      </marc:datafield>
      <marc:datafield tag="700" ind1="0" ind2=" ">
         <marc:subfield code="a">Imruʼ al-Qays,</marc:subfield>
         <marc:subfield code="d">497-545.</marc:subfield>
      </marc:datafield>
      <marc:datafield tag="700" ind1="0" ind2=" ">
         <marc:subfield code="a">ʻAdī ibn Zayd,</marc:subfield>
         <marc:subfield code="d">active 6th century.</marc:subfield>
         <marc:subfield code="t">Poems.</marc:subfield>
         <marc:subfield code="f">1992.</marc:subfield>
      </marc:datafield>
      <marc:datafield tag="852" ind1="0" ind2=" ">
         <marc:subfield code="b">nec</marc:subfield>
         <marc:subfield code="h">PJ7633</marc:subfield>
         <marc:subfield code="i">.S253 1934</marc:subfield>
         <marc:subfield code="p">1081903</marc:subfield>
         <marc:subfield code="x">reclassed from: 2271.5045.399 1934</marc:subfield>
      </marc:datafield>
      <marc:datafield tag="998" ind1=" " ind2=" ">
         <marc:subfield code="a">01/09/95</marc:subfield>
         <marc:subfield code="s">9114</marc:subfield>
         <marc:subfield code="n">NjP</marc:subfield>
         <marc:subfield code="w">NJPG94B77290</marc:subfield>
         <marc:subfield code="d">12/21/94</marc:subfield>
         <marc:subfield code="c">NHD</marc:subfield>
         <marc:subfield code="b">NHD</marc:subfield>
         <marc:subfield code="i">950109</marc:subfield>
         <marc:subfield code="l">NJPG</marc:subfield>
      </marc:datafield>
      <marc:datafield tag="911" ind1=" " ind2=" ">
         <marc:subfield code="a">19950119</marc:subfield>
      </marc:datafield>
      <marc:datafield tag="912" ind1=" " ind2=" ">
         <marc:subfield code="a">19951117032517.0</marc:subfield>
      </marc:datafield>
   </marc:record>
</marc:collection>
